@article{vit67,
  title={Error bounds for convolutional codes and an asymptotically optimum decoding algorithm},
  author={Viterbi, Andrew J},
  journal={Information Theory, IEEE Transactions on},
  volume={13},
  number={2},
  pages={260--269},
  year={1967},
  publisher={IEEE}
}
@article{for73,
  title={The viterbi algorithm},
  author={Forney Jr, G David},
  journal={Proceedings of the IEEE},
  volume={61},
  number={3},
  pages={268--278},
  year={1973},
  publisher={IEEE}
}